2380 3364
216 150 365 180 Random
375 150 472 180 Short
482 150 613 180 Header

216 315 581 391 Random

603 319 735 391 Big

757 315 944 391 Title

321 490 485 530 Lorem
500 490 657 530 Ipsum
672 493 772 530 text
787 487 900 530 with
914 487 1013 530 lists

216 567 330 595 Lorem
338 566 447 595 ipsum
456 565 551 595 dolor
559 566 601 595 sit
609 569 713 595 amet,
722 569 934 595 consectetur
943 565 1120 595 adipiscing

216 623 284 653 elit.
293 625 327 653 In
336 623 470 653 sodales
480 623 611 653 gravida
620 623 704 653 felis,
712 624 746 653 in
755 623 899 653 rhoncus
908 623 984 653 velit
994 627 1121 653 rutrum

216 685 263 711 at.
275 681 445 711 Curabitur
457 681 625 711 hendrerit
638 681 778 711 dapibus
791 681 889 711 nulla,
901 685 939 711 ut
952 681 1120 711 hendrerit

216 739 305 769 diam
341 739 516 769 imperdiet
551 741 636 769 quis.
671 739 904 769 Pellentesque
939 739 972 769 id
1007 748 1120 769 neque

216 797 371 827 aliquam,
412 797 558 827 pulvinar
599 806 712 827 neque
754 798 798 827 in,
839 797 1011 827 vulputate
1052 797 1121 827 elit.

216 855 448 885 Pellentesque
478 859 516 885 ut
546 859 619 885 erat
649 856 691 885 sit
721 859 814 885 amet
844 864 956 885 massa
986 856 1120 885 suscipit

216 913 444 943 ullamcorper.
462 913 528 943 Sed
546 914 700 943 porttitor
718 914 842 943 viverra
860 913 1025 943 convallis.
1042 914 1120 943 Duis

216 972 304 1001 vitae
331 980 465 1001 semper
492 975 616 1001 metus.
643 971 875 1001 Pellentesque
902 980 980 1001 eros
1007 980 1120 1001 purus,

216 1033 351 1059 egestas
368 1033 447 1059 eget
465 1029 541 1059 velit
559 1033 649 1059 eget,
666 1029 873 1059 elementum
891 1029 1015 1059 aliquet
1032 1029 1120 1059 velit.

216 1087 434 1117 Suspendisse
457 1088 599 1117 potenti.
622 1087 714 1117 Nulla
737 1088 825 1117 vitae
848 1096 960 1117 massa
982 1091 1120 1117 rutrum,

216 1145 341 1175 blandit
351 1149 424 1175 erat
434 1146 533 1175 vitae,
543 1145 667 1175 aliquet
677 1154 766 1175 arcu.

216 1237 352 1265 Aenean
376 1234 501 1265 feugiat
525 1235 580 1265 leo
604 1235 666 1265 sed
689 1236 780 1265 enim
803 1235 937 1265 sodales
961 1235 1120 1265 vehicula.

216 1293 434 1323 Suspendisse
468 1297 603 1323 tempus
637 1293 805 1323 hendrerit
839 1302 960 1323 magna
994 1294 1120 1323 sagittis

216 1351 352 1381 dictum.
363 1352 441 1381 Duis
452 1351 583 1381 ultrices
594 1351 734 1381 dapibus
746 1355 892 1381 egestas.
903 1353 980 1381 Cras
991 1360 1036 1381 eu
1048 1351 1120 1381 felis

216 1418 261 1439 eu
270 1409 376 1439 lectus
386 1410 520 1439 suscipit
529 1409 685 1439 pharetra
694 1413 730 1439 at
740 1413 776 1439 at
785 1409 887 1439 lacus.
896 1409 989 1439 Nulla
998 1409 1121 1439 facilisi.

216 1468 311 1497 Proin
331 1467 497 1497 interdum
518 1466 668 1497 faucibus
688 1466 745 1497 elit
766 1476 829 1497 nec
850 1466 1005 1497 rhoncus.
1025 1468 1120 1497 Proin

216 1525 367 1555 sodaless
377 1529 489 1555 metus
499 1525 561 1555 sed
571 1525 732 1555 tincidunt
742 1525 922 1555 hendrerit.

288 1627 308 1647 •

288 1745 308 1765 •

288 1863 308 1883 •

288 1982 308 2002 •

360 1619 437 1647 Duis
449 1617 504 1647 leo
515 1619 617 1647 enim,
628 1617 782 1647 convallis
793 1619 835 1647 sit
846 1621 939 1647 amet
951 1619 1019 1647 orci
1030 1621 1120 1647 eget,

360 1675 612 1705 condimentum
621 1676 735 1705 mattis
744 1676 790 1705 mi
799 1685 811 1705 ;

360 1737 463 1765 Etiam
485 1735 580 1765 dolor
603 1740 687 1765 erat,
709 1737 870 1765 maximus
892 1744 956 1765 nec
978 1737 1024 1765 mi
1046 1735 1120 1765 sed,

360 1793 514 1823 convallis
523 1793 677 1823 convallis
686 1795 754 1823 orci
764 1804 776 1823 ;

360 1853 470 1883 Morbi
486 1855 610 1883 viverra
627 1854 716 1883 diam
733 1855 767 1883 in
784 1854 873 1883 diam
890 1863 1016 1883 cursus,
1033 1855 1121 1883 vitae

360 1912 484 1942 aliquet
494 1912 571 1942 velit
581 1916 716 1942 tempus
726 1922 738 1942 ;

360 1974 474 2002 Donec
497 1976 533 2002 at
555 1973 616 2002 nisi
639 1972 853 2002 fermentum,
876 1972 1018 2002 ultricies
1040 1972 1120 2002 odio

360 2034 450 2060 eget,
472 2034 608 2060 egestas
630 2039 742 2060 massa
764 2034 800 2060 at
823 2031 883 2060 nisi
905 2029 1120 2060 fermentum,

360 2088 501 2118 ultricies
511 2088 591 2118 odio
601 2092 691 2118 eget,
701 2092 836 2118 egestas
845 2097 969 2118 massa.

216 2180 330 2208 Donec
358 2178 499 2208 ultricies
528 2187 643 2208 cursus
670 2178 750 2208 odio
778 2178 841 2208 sed
869 2182 1007 2208 rutrum.
1035 2180 1120 2208 Nam

216 2237 389 2266 venenatis
417 2240 529 2266 metus
557 2237 645 2266 vitae
673 2236 880 2266 elementum
908 2236 1120 2266 scelerisque.

216 2294 364 2324 Aliquam
375 2298 508 2324 tempor
519 2295 636 2324 sapien
646 2298 682 2324 at
693 2295 796 2324 turpis
807 2303 953 2324 posuere
964 2293 1120 2324 eleifend.

216 2352 281 2382 Sed
299 2352 445 2382 placerat
463 2361 608 2382 posuere
627 2361 714 2382 nunc
732 2352 784 2382 vel
802 2352 954 2382 efficitur.
972 2353 1120 2382 Quisque

216 2414 332 2440 auctor
355 2410 428 2440 felis
451 2410 503 2440 vel
526 2410 632 2440 lectus
655 2410 780 2440 dictum
803 2410 948 2440 fringilla.
972 2411 1120 2440 Quisque

216 2467 366 2498 volutpat
386 2467 568 2498 pulvinar©
588 2467 656 2498 elit.
676 2467 824 2498 Aliquam
844 2467 975 2498 ultrices
996 2467 1120 2498 feugiat

216 2526 371 2556 aliquam.
381 2526 584 2556 Vestibulum
595 2530 676 2556 ante
686 2527 795 2556 ipsum
805 2527 916 2556 primis
927 2527 960 2556 in
970 2525 1120 2556 faucibus

216 2585 283 2614 orci
314 2584 421 2614 luctus
451 2588 488 2614 et
519 2584 650 2614 ultrices
681 2593 827 2614 posuere
857 2584 973 2614 cubilia
1004 2585 1120 2614 Curae;

216 2642 434 2672 Suspendisse
449 2642 624 2672 imperdiet
639 2651 679 2672 ex
694 2642 811 2672 lorem,
825 2646 923 2672 porta
938 2642 1120 2672 bibendum

216 2708 317 2729 purus
327 2699 469 2729 ultricies
479 2699 523 2729 id.

216 2792 345 2820 Integer
354 2790 406 2820 vel
416 2790 506 2820 lacus
516 2791 644 2820 sapien.
654 2792 738 2820 Nam
748 2790 882 2820 sodales
892 2794 972 2820 ante
982 2799 1027 2820 eu
1037 2791 1120 2820 risus

216 2847 344 2878 facilisis
352 2848 509 2878 placerat.
517 2848 665 2878 Aliquam
673 2849 806 2878 suscipit
815 2848 961 2878 pulvinar
968 2848 1120 2878 ultricies.

216 2907 352 2935 Aenean
371 2905 528 2935 pulvinar,
545 2914 586 2935 ex
604 2914 644 2935 ac
662 2905 865 2935 fermentum
883 2909 1029 2935 egestas,
1047 2909 1120 2935 erat

216 2965 276 2993 nisi
297 2963 422 2993 feugiat
443 2963 531 2993 velit,
551 2965 639 2993 vitae
659 2965 793 2993 suscipit
814 2963 911 2993 tellus
932 2963 1011 2993 odio
1032 2965 1120 2993 vitae

216 3031 329 3051 quam.
341 3021 451 3051 Morbi
463 3021 670 3051 elementum
682 3031 756 3051 sem
768 3023 802 3051 in
813 3021 870 3051 elit
882 3031 1039 3051 posuere,
1051 3031 1120 3051 non

2144 3129 2166 3157 1

1262 296 1406 326 rhoncus
1420 305 1541 326 magna
1555 296 1700 326 fringilla.
1714 296 1881 326 Phasellus
1895 305 2010 326 cursus
2024 297 2057 326 in
2071 296 2166 326 dolor

1262 354 1390 384 laoreet
1446 358 1585 384 rutrum.
1641 354 1810 384 Curabitur
1866 354 2027 384 tincidunt
2083 356 2166 384 risus

1262 412 1490 442 ullamcorper,
1500 412 1648 442 vehicula
1658 412 1734 442 velit
1744 417 1791 442 at,
1801 412 1947 442 pulvinar
1957 417 2080 442 metus.

1262 1102 1372 1132 Morbi
1392 1102 1521 1132 laoreet
1541 1102 1598 1132 dui
1619 1111 1664 1132 eu
1684 1106 1791 1132 tortor
1812 1102 1929 1132 luctus,
1951 1111 2014 1132 nec
2035 1102 2166 1132 ultrices

1262 1160 1357 1190 dolor
1367 1160 1595 1190 ullamcorper.
1604 1162 1648 1190 Ut
1657 1160 1788 1190 gravida
1797 1160 1860 1190 sed
1869 1160 1930 1190 nisl
1939 1169 1961 1190 a
1970 1160 2122 1190 efficitur.
2132 1162 2166 1190 In

1262 1218 1422 1248 tincidunt
1431 1220 1498 1248 orci
1506 1227 1527 1248 a
1535 1218 1786 1248 condimentum
1795 1227 1940 1248 semper.
1948 1218 2167 1248 Suspendisse

1262 1276 1463 1306 scelerisque
1495 1276 1699 1306 fermentum
1731 1276 1856 1306 lacinia.
1888 1276 2092 1306 Vestibulum
2124 1278 2166 1306 sit

1262 1338 1355 1364 amet
1371 1343 1491 1364 ornare
1506 1334 1615 1364 tellus,
1631 1334 1754 1364 aliquet
1770 1334 1925 1364 euismod
1940 1335 2073 1364 mauris.
2089 1336 2166 1364 Cras

1262 1394 1396 1422 suscipit
1406 1394 1579 1422 venenatis
1589 1392 1732 1422 ultrices.
1742 1392 1807 1422 Sed
1817 1392 1907 1422 diam
1917 1396 2001 1422 erat,
2011 1392 2135 1422 aliquet
2145 1401 2166 1422 a

1262 1450 1359 1480 tellus
1375 1454 1424 1480 ut,
1440 1452 1564 1480 viverra
1579 1452 1643 1480 12º
1659 1459 1771 1480 ongue
1787 1459 1919 1480 magna.
1936 1452 2013 1480 Cras
2029 1450 2062 1480 id
2078 1452 2166 1480 justo

1262 1512 1380 1538 tortor.
1387 1510 1512 1538 Mauris
1520 1510 1553 1538 in
1561 1512 1668 1538 tortor
1675 1508 1858 1538 vulputate,
1866 1508 2098 1538 pellentesque
2106 1508 2167 1538 nisl

1262 1575 1313 1596 ac,
1328 1566 1456 1596 facilisis
1471 1566 1578 1596 ligula.
1593 1566 1682 1596 Class
1697 1571 1816 1596 aptent
1831 1564 1936 1596 taciti²
1951 1568 2107 1596 sociosqu
2122 1566 2166 1596 ad

1262 1624 1357 1654 litora
1373 1628 1532 1654 torquent
1548 1633 1608 1654 per
1624 1624 1766 1654 conubia
1781 1621 1922 1654 nostra³,
1938 1633 1999 1654 per
2014 1625 2167 1654 inceptos

1262 1682 1470 1712 himenaeos.
1487 1682 1635 1712 Aliquam
1652 1686 1731 1712 eget
1748 1682 1843 1712 dolor
1860 1683 1975 1712 turpis.
1991 1683 2116 1712 Mauris
2133 1682 2166 1712 id

1262 1740 1416 1770 molestie
1434 1740 1542 1770 tellus.
1560 1740 1626 1770 Sed
1643 1740 1851 1770 elementum
1869 1740 2023 1770 molestie
2041 1742 2113 1770 nisi,
2131 1744 2166 1770 at

1262 1798 1386 1828 aliquet
1411 1807 1486 1828 sem
1511 1798 1659 1828 vehicula
1684 1807 1758 1828 nec.
1784 1798 1893 1828 Morbi
1919 1802 2054 1828 tempus
2079 1798 2166 1828 nulla

1262 1857 1363 1886 enim,
1375 1865 1396 1886 a
1407 1856 1579 1886 vulputate
1590 1865 1711 1886 magna
1723 1858 1790 1886 €51
1802 1856 1908 1886 luctus
1920 1858 1987 1886 £66
1998 1865 2054 1886 eu.
2066 1858 2167 1886 Fusce

1262 1914 1407 1944 sodales,
1427 1914 1531 1944 libero
1551 1915 1625 1944 quis
1645 1915 1779 1944 suscipit
1799 1914 1941 1944 ultrices,
1961 1918 2073 1944 metus
2093 1918 2167 1944 erat

1262 1976 1378 2002 auctor
1388 1981 1482 2002 urna,
1491 1973 1534 2002 sit
1544 1976 1636 2002 amet
1646 1972 1771 2002 dictum
1781 1981 1860 2002 arcu
1869 1976 1976 2002 tortor
1986 1981 2031 2002 eu
2040 1976 2164 2002 metus.

1334 2064 1367 2092 1.

1334 2237 1367 2266 2.

1334 2353 1367 2382 3.

1406 2064 1449 2092 Ut
1459 2062 1621 2092 volutpat,
1631 2062 1708 2092 velit
1719 2066 1755 2092 at
1765 2062 1932 2092 interdum
1942 2066 2167 2092 consectetur,

1406 2120 1466 2150 nisl
1504 2120 1609 2150 lorem
1647 2124 1833 2150 consequat
1871 2121 2004 2150 mauris,
2041 2120 2166 2150 feugiat

1406 2178 1573 2208 dignissim
1583 2178 1680 2208 tellus
1690 2187 1802 2208 massa
1812 2182 1850 2208 ut
1859 2178 1931 2208 nisl.

1406 2238 1564 2266 Praesent
1580 2240 1616 2266 at
1633 2240 1687 2266 est
1703 2237 1775 2266 nisi.
1791 2236 2023 2266 Pellentesque
2040 2240 2166 2266 rutrum

1406 2294 1512 2324 lorem
1522 2294 1584 2324 sed
1594 2294 1650 2324 dui
1660 2303 1838 2324 accumsan
1848 2294 1990 2324 gravida.

1406 2352 1638 2382 Pellentesque
1649 2352 1774 2382 dictum
1785 2352 1845 2382 nisl
1856 2353 1943 2382 vitae
1954 2361 2037 2382 urna
2048 2352 2166 2382 luctus,

1406 2419 1537 2440 congue
1547 2410 1693 2440 pulvinar
1702 2411 1748 2440 mi
1757 2419 1899 2440 congue.

1262 2500 1372 2530 Morbi
1381 2500 1579 2530 vestibulum
1589 2501 1696 2530 varius
1706 2501 1814 2530 ipsum
1824 2509 1887 2530 nec
1897 2500 2062 2530 molestie.
2072 2501 2167 2530 Proin

1262 2562 1378 2588 auctor
1398 2558 1539 2588 efficitur
1559 2558 1649 2588 diam
1669 2562 1707 2588 ut
1727 2558 1845 2588 luctus.
1865 2558 2032 2588 Phasellus
2052 2567 2167 2588 cursus

1262 2617 1423 2646 maximus
1432 2616 1584 2646 ultricies.
1593 2617 1718 2646 Mauris
1726 2625 1771 2646 eu
1780 2625 1893 2646 neque
1902 2620 1940 2646 ut
1949 2625 2023 2646 sem
2032 2625 2167 2646 semper

1262 2678 1409 2703 tempus.
1432 2673 1602 2703 Curabitur
1626 2683 1695 2703 non
1719 2673 1824 2703 lorem
1848 2683 1893 2703 eu
1917 2683 2005 2703 nunc
2029 2673 2166 2703 lobortis

1262 2733 1386 2762 viverra
1400 2736 1436 2762 at
1451 2733 1484 2762 in
1499 2732 1599 2762 diam.
1613 2731 1846 2762 Pellentesque
1860 2732 2014 2762 euismod
2029 2741 2131 2762 purus
2145 2741 2166 2762 a

1262 2790 1317 2820 leo
1328 2790 1465 2820 lobortis
1475 2794 1620 2820 tempor.
1630 2792 1812 2820 Maecenas
1823 2790 1930 2820 mollis
1940 2790 2035 2820 ligula
2046 2794 2082 2820 at
2092 2799 2166 2820 sem

1262 2849 1396 2878 suscipit
1404 2847 1549 2878 fringilla.
1557 2849 1682 2878 Mauris
1690 2848 1884 2878 sollicitudin
1891 2848 2052 2878 tincidunt
2060 2848 2167 2878 lectus

1262 2905 1295 2935 id
1312 2909 1457 2935 tempor.
1473 2907 1576 2935 Etiam
1593 2909 1630 2935 ut
1647 2907 1708 2935 nisi
1724 2909 1789 2935 est.
1806 2907 1989 2935 Maecenas
2006 2905 2166 2935 tincidunt

1262 2963 1368 2993 lectus
1384 2965 1418 2993 in
1435 2965 1525 2993 enim
1542 2963 1711 2993 hendrerit
1727 2965 1845 2993 varius.
1862 2965 1963 2993 Fusce
1980 2968 2166 2993 consequat

1262 3031 1364 3051 quam
1374 3021 1446 3051 nisl,
1456 3026 1494 3051 ut
1504 3021 1649 3051 eleifend
1659 3026 1713 3051 est
1723 3021 1869 3051 placerat
1879 3021 1952 3051 sed.

1316 953 1351 970 0.0

1302 891 1351 909 20.0

1302 830 1351 848 40.0

1302 769 1351 787 60.0

1302 708 1351 726 80.0

1288 647 1351 665 100.0

1288 586 1351 604 120.0

1288 525 1351 543 140.0

1369 981 1387 994 0

1406 981 1425 1008 10

1444 981 1462 1008 20

1481 981 1499 1008 30

1518 981 1536 1008 40

1555 981 1573 1008 50

1593 981 1611 1008 60

1630 981 1648 1008 70

1667 981 1685 1008 80

1704 981 1722 1008 90

1742 981 1760 1023 100

1779 981 1797 1023 110

1816 981 1834 1023 120

1853 981 1871 1023 130

1890 981 1909 1023 140

1928 981 1946 1023 150

1965 981 1983 1023 160

2002 981 2020 1023 170

2039 981 2058 1023 180

2077 981 2095 1023 190

2114 981 2132 1023 200
