2381 3367
216 150 150 30 Random
375 150 97 30 Short
482 150 131 30 Header

216 315 366 76 Random

603 319 132 72 Big

757 315 188 76 Title

321 490 164 41 Lorem
500 490 157 41 Ipsum
672 493 101 37 text
787 487 113 43 with
914 487 99 43 lists

216 567 114 28 Lorem
338 566 109 29 ipsum
456 565 95 30 dolor
559 566 42 29 sit
609 569 104 26 amet,
722 569 213 26 consectetur
943 565 177 30 adipiscing

216 623 68 30 elit.
293 625 34 28 In
336 623 134 30 sodales
480 623 131 30 gravida
620 623 84 30 felis,
712 624 33 29 in
755 623 144 30 rhoncus
908 623 77 30 velit
994 627 127 26 rutrum

216 685 47 26 at.
275 681 169 30 Curabitur
457 681 168 30 hendrerit
638 681 140 30 dapibus
791 681 98 30 nulla,
901 685 38 26 ut
952 681 168 30 hendrerit

216 739 90 30 diam
341 739 175 30 imperdiet
551 741 85 29 quis.
671 739 232 30 Pellentesque
939 739 33 30 id
1007 748 113 21 neque

216 797 155 30 aliquam,
412 797 146 30 pulvinar
599 806 113 21 neque
754 798 44 29 in,
839 797 172 30 vulputate
1052 797 68 30 elit.

216 855 232 30 Pellentesque
478 859 38 26 ut
546 859 73 26 erat
649 856 42 29 sit
721 859 93 26 amet
844 864 112 21 massa
986 856 134 29 suscipit

216 913 229 30 ullamcorper.
462 913 65 30 Sed
546 914 155 29 porttitor
718 914 124 29 viverra
860 913 165 30 convallis.
1042 914 78 29 Duis

216 972 88 29 vitae
331 980 135 21 semper
492 975 124 26 metus.
643 971 232 30 Pellentesque
902 980 78 21 eros
1007 980 113 21 purus,

216 1033 135 26 egestas
368 1033 79 26 eget
465 1029 77 30 velit
559 1033 90 26 eget,
666 1029 207 30 elementum
891 1029 124 30 aliquet
1032 1029 88 30 velit.

216 1087 218 30 Suspendisse
457 1088 142 29 potenti.
622 1087 92 30 Nulla
737 1088 88 29 vitae
848 1096 112 21 massa
982 1091 138 26 rutrum,

216 1145 125 30 blandit
351 1149 73 26 erat
434 1146 99 29 vitae,
543 1145 124 30 aliquet
677 1154 89 21 arcu.

216 1237 137 28 Aenean
376 1234 125 30 feugiat
525 1235 55 30 leo
604 1235 62 30 sed
689 1236 90 29 enim
803 1235 134 30 sodales
961 1235 159 30 vehicula.

216 1293 218 30 Suspendisse
468 1297 135 26 tempus
637 1293 169 30 hendrerit
839 1302 121 21 magna
994 1294 126 29 sagittis

216 1351 136 30 dictum.
363 1352 78 29 Duis
452 1351 131 30 ultrices
594 1351 140 30 dapibus
746 1355 146 26 egestas.
903 1353 77 28 Cras
991 1360 45 21 eu
1048 1351 73 30 felis

216 1418 45 21 eu
270 1409 106 30 lectus
386 1410 134 29 suscipit
529 1409 156 30 pharetra
694 1413 36 26 at
740 1413 36 26 at
785 1409 101 30 lacus.
896 1409 93 30 Nulla
998 1409 122 30 facilisi.

216 1468 95 29 Proin
331 1467 166 30 interdum
518 1466 150 30 faucibus
688 1466 57 30 elit
766 1476 64 21 nec
850 1466 155 30 rhoncus.
1025 1468 95 29 Proin

216 1525 152 30 sodaless
377 1529 112 26 metus
499 1525 62 30 sed
571 1525 160 30 tincidunt
742 1525 180 30 hendrerit.

288 1982 20 20 •

288 1863 20 20 •

288 1745 20 20 •

288 1627 20 20 •

360 1619 78 29 Duis
449 1617 55 30 leo
515 1619 101 29 enim,
628 1617 154 30 convallis
793 1619 42 29 sit
846 1621 93 26 amet
951 1619 68 29 orci
1030 1621 91 26 eget,

360 1675 252 30 condimentum
621 1676 113 29 mattis
744 1676 46 29 mi
799 1685 12 20 ;

360 1737 103 29 Etiam
485 1735 95 30 dolor
603 1740 84 26 erat,
709 1737 161 29 maximus
892 1744 64 21 nec
978 1737 46 29 mi
1046 1735 73 30 sed,

360 1793 154 30 convallis
523 1793 154 30 convallis
686 1795 68 29 orci
764 1804 12 20 ;

360 1853 110 30 Morbi
486 1855 124 29 viverra
627 1854 89 30 diam
733 1855 33 29 in
784 1854 89 30 diam
890 1863 126 21 cursus,
1033 1855 88 29 vitae

360 1912 124 30 aliquet
494 1912 77 30 velit
581 1916 135 26 tempus
726 1922 12 20 ;

360 1974 114 28 Donec
497 1976 36 26 at
555 1973 61 29 nisi
639 1972 214 30 fermentum,
876 1972 141 30 ultricies
1040 1972 79 30 odio

360 2034 91 26 eget,
472 2034 135 26 egestas
630 2039 112 21 massa
764 2034 36 26 at
823 2031 60 29 nisi
905 2029 215 30 fermentum,

360 2088 141 30 ultricies
511 2088 80 30 odio
601 2092 90 26 eget,
701 2092 135 26 egestas
845 2097 123 21 massa.

216 2180 114 28 Donec
358 2178 141 30 ultricies
528 2187 115 21 cursus
670 2178 80 30 odio
778 2178 62 30 sed
869 2182 138 26 rutrum.
1035 2180 84 28 Nam

216 2237 173 29 venenatis
417 2240 112 26 metus
557 2237 88 29 vitae
673 2236 207 30 elementum
908 2236 212 30 scelerisque.

216 2294 148 30 Aliquam
375 2298 133 26 tempor
519 2295 117 29 sapien
646 2298 36 26 at
693 2295 104 29 turpis
807 2303 146 21 posuere
964 2293 157 30 eleifend.

216 2352 65 30 Sed
299 2352 146 30 placerat
463 2361 145 21 posuere
627 2361 87 21 nunc
732 2352 52 30 vel
802 2352 152 30 efficitur.
972 2353 148 29 Quisque

216 2414 117 26 auctor
355 2410 73 30 felis
451 2410 52 30 vel
526 2410 106 30 lectus
655 2410 125 30 dictum
803 2410 145 30 fringilla.
972 2411 148 29 Quisque

216 2467 150 30 volutpat
386 2467 182 30 pulvinar©
588 2467 68 30 elit.
676 2467 148 30 Aliquam
844 2467 131 30 ultrices
996 2467 125 30 feugiat

216 2526 155 30 aliquam.
381 2526 203 30 Vestibulum
595 2530 81 26 ante
686 2527 108 29 ipsum
805 2527 111 29 primis
927 2527 33 29 in
970 2525 150 30 faucibus

216 2585 68 29 orci
314 2584 107 30 luctus
451 2588 37 26 et
519 2584 131 30 ultrices
681 2593 146 21 posuere
857 2584 116 30 cubilia
1004 2585 116 28 Curae;

216 2642 218 30 Suspendisse
449 2642 175 30 imperdiet
639 2651 41 21 ex
694 2642 117 30 lorem,
825 2646 98 26 porta
938 2642 183 30 bibendum

216 2708 102 21 purus
327 2699 142 30 ultricies
479 2699 44 30 id.

216 2792 129 28 Integer
354 2790 52 30 vel
416 2790 90 30 lacus
516 2791 127 29 sapien.
654 2792 84 28 Nam
748 2790 134 30 sodales
892 2794 81 26 ante
982 2799 45 21 eu
1037 2791 83 29 risus

216 2847 128 30 facilisis
352 2848 157 30 placerat.
517 2848 148 30 Aliquam
673 2849 134 29 suscipit
815 2848 146 30 pulvinar
968 2848 152 30 ultricies.

216 2907 137 28 Aenean
371 2905 157 30 pulvinar,
545 2914 41 21 ex
604 2914 40 21 ac
662 2905 204 30 fermentum
883 2909 146 26 egestas,
1047 2909 73 26 erat

216 2965 61 29 nisi
297 2963 125 30 feugiat
443 2963 88 30 velit,
551 2965 88 29 vitae
659 2965 134 29 suscipit
814 2963 97 30 tellus
932 2963 79 30 odio
1032 2965 88 29 vitae

216 3031 114 21 quam.
341 3021 110 30 Morbi
463 3021 207 30 elementum
682 3031 74 21 sem
768 3023 33 29 in
813 3021 57 30 elit
882 3031 157 21 posuere,
1051 3031 69 21 non

2144 3129 22 28 1

1302 891 50 18 20.0

1302 830 50 18 40.0

1302 769 50 18 60.0

1302 708 50 18 80.0

1288 647 63 18 100.0

1288 586 63 18 120.0

1288 525 63 18 140.0

1262 296 144 30 rhoncus
1420 305 121 21 magna
1555 296 145 30 fringilla.
1714 296 167 30 Phasellus
1895 305 115 21 cursus
2024 297 33 29 in
2071 296 95 30 dolor

1262 354 128 30 laoreet
1446 358 138 26 rutrum.
1641 354 169 30 Curabitur
1866 354 161 30 tincidunt
2083 356 83 29 risus

1262 412 228 30 ullamcorper,
1500 412 148 30 vehicula
1658 412 77 30 velit
1744 417 47 26 at,
1801 412 146 30 pulvinar
1957 417 123 26 metus.

1406 1008 28 18 10

1444 1008 28 18 20

1481 1008 28 18 30

1518 1008 28 18 40

1555 1008 28 18 50

1593 1008 28 18 60

1630 1008 28 18 70

1667 1008 28 18 80

1704 1008 28 18 90

1742 1023 41 18 100

1779 1023 41 18 110

1816 1023 41 18 120

1853 1023 41 18 130

1890 1023 41 18 140

1928 1023 41 18 150

1965 1023 41 18 160

2002 1023 41 18 170

2039 1023 41 18 180

2077 1023 41 18 190

2114 1023 41 18 200

1316 953 35 18 0.0

1369 994 13 18 0

1262 1102 110 30 Morbi
1392 1102 128 30 laoreet
1541 1102 56 30 dui
1619 1111 45 21 eu
1684 1106 107 26 tortor
1812 1102 118 30 luctus,
1951 1111 64 21 nec
2035 1102 131 30 ultrices

1262 1160 96 30 dolor
1367 1160 228 30 ullamcorper.
1604 1162 43 28 Ut
1657 1160 131 30 gravida
1797 1160 62 30 sed
1869 1160 61 30 nisl
1939 1169 21 21 a
1970 1160 152 30 efficitur.
2132 1162 34 28 In

1262 1218 161 30 tincidunt
1431 1220 68 29 orci
1506 1227 21 21 a
1535 1218 251 30 condimentum
1795 1227 145 21 semper.
1948 1218 218 30 Suspendisse

1262 1276 201 30 scelerisque
1495 1276 204 30 fermentum
1731 1276 125 30 lacinia.
1888 1276 203 30 Vestibulum
2124 1278 42 29 sit

1262 1338 93 26 amet
1371 1343 120 21 ornare
1506 1334 108 30 tellus,
1631 1334 124 30 aliquet
1770 1334 154 30 euismod
1940 1335 133 29 mauris.
2089 1336 77 28 Cras

1262 1394 134 29 suscipit
1406 1394 173 29 venenatis
1589 1392 143 30 ultrices.
1742 1392 65 30 Sed
1817 1392 90 30 diam
1917 1396 85 26 erat,
2011 1392 124 30 aliquet
2145 1401 21 21 a

1262 1450 97 30 tellus
1375 1454 49 26 ut,
1440 1452 124 29 viverra
1579 1452 63 28 12º
1659 1459 112 21 ongue
1787 1459 133 21 magna.
1936 1452 77 28 Cras
2029 1450 33 30 id
2078 1452 88 29 justo

1262 1512 118 26 tortor.
1387 1510 125 29 Mauris
1520 1510 33 29 in
1561 1512 107 26 tortor
1675 1508 183 30 vulputate,
1866 1508 232 30 pellentesque
2106 1508 61 30 nisl

1262 1575 51 21 ac,
1328 1566 128 30 facilisis
1471 1566 106 30 ligula.
1593 1566 89 30 Class
1697 1571 118 26 aptent
1831 1564 104 33 taciti²
1951 1568 156 29 sociosqu
2122 1566 44 30 ad

1262 1624 95 30 litora
1373 1628 159 26 torquent
1548 1633 60 21 per
1624 1624 142 30 conubia
1781 1621 141 33 nostra³,
1938 1633 60 21 per
2014 1625 152 29 inceptos

1262 1682 208 30 himenaeos.
1487 1682 148 30 Aliquam
1652 1686 79 26 eget
1748 1682 96 30 dolor
1860 1683 115 29 turpis.
1991 1683 125 29 Mauris
2133 1682 33 30 id

1262 1740 154 30 molestie
1434 1740 108 30 tellus.
1560 1740 65 30 Sed
1643 1740 208 30 elementum
1869 1740 154 30 molestie
2041 1742 72 29 nisi,
2131 1744 35 26 at

1262 1798 124 30 aliquet
1411 1807 74 21 sem
1511 1798 148 30 vehicula
1684 1807 74 21 nec.
1784 1798 110 30 Morbi
1919 1802 135 26 tempus
2079 1798 87 30 nulla

1262 1857 102 29 enim,
1375 1865 21 21 a
1407 1856 172 30 vulputate
1590 1865 121 21 magna
1723 1858 67 28 €51
1802 1856 107 30 luctus
1920 1858 67 28 £66
1998 1865 56 21 eu.
2066 1858 101 28 Fusce

1262 1914 145 30 sodales,
1427 1914 103 30 libero
1551 1915 74 29 quis
1645 1915 134 29 suscipit
1799 1914 143 30 ultrices,
1961 1918 112 26 metus
2093 1918 73 26 erat

1262 1976 117 26 auctor
1388 1981 94 21 urna,
1491 1973 42 29 sit
1544 1976 92 26 amet
1646 1972 125 30 dictum
1781 1981 78 21 arcu
1869 1976 107 26 tortor
1986 1981 45 21 eu
2040 1976 123 26 metus.

1334 2353 34 28 3.

1334 2237 34 28 2.

1334 2064 34 28 1.

1406 2064 43 28 Ut
1459 2062 161 30 volutpat,
1631 2062 77 30 velit
1719 2066 36 26 at
1765 2062 166 30 interdum
1942 2066 224 26 consectetur,

1406 2120 61 30 nisl
1504 2120 106 30 lorem
1647 2124 186 26 consequat
1871 2121 133 29 mauris,
2041 2120 125 30 feugiat

1406 2178 167 30 dignissim
1583 2178 97 30 tellus
1690 2187 112 21 massa
1812 2182 38 26 ut
1859 2178 72 30 nisl.

1406 2238 158 28 Praesent
1580 2240 36 26 at
1633 2240 54 26 est
1703 2237 72 29 nisi.
1791 2236 232 30 Pellentesque
2040 2240 127 26 rutrum

1406 2294 106 30 lorem
1522 2294 62 30 sed
1594 2294 56 30 dui
1660 2303 178 21 accumsan
1848 2294 142 30 gravida.

1406 2352 232 30 Pellentesque
1649 2352 125 30 dictum
1785 2352 61 30 nisl
1856 2353 88 29 vitae
1954 2361 83 21 urna
2048 2352 118 30 luctus,

1406 2419 131 21 congue
1547 2410 146 30 pulvinar
1702 2411 46 29 mi
1757 2419 142 21 congue.

1262 2500 110 30 Morbi
1381 2500 198 30 vestibulum
1589 2501 107 29 varius
1706 2501 108 29 ipsum
1824 2509 64 21 nec
1897 2500 166 30 molestie.
2072 2501 95 29 Proin

1262 2562 117 26 auctor
1398 2558 141 30 efficitur
1559 2558 90 30 diam
1669 2562 38 26 ut
1727 2558 118 30 luctus.
1865 2558 167 30 Phasellus
2052 2567 115 21 cursus

1262 2617 161 29 maximus
1432 2616 152 30 ultricies.
1593 2617 125 29 Mauris
1726 2625 45 21 eu
1780 2625 113 21 neque
1902 2620 38 26 ut
1949 2625 74 21 sem
2032 2625 135 21 semper

1262 2678 147 26 tempus.
1432 2673 169 30 Curabitur
1626 2683 69 21 non
1719 2673 105 30 lorem
1848 2683 45 21 eu
1917 2683 88 21 nunc
2029 2673 137 30 lobortis

1262 2733 124 29 viverra
1400 2736 36 26 at
1451 2733 33 29 in
1499 2732 100 30 diam.
1613 2731 232 30 Pellentesque
1860 2732 154 30 euismod
2029 2741 102 21 purus
2145 2741 21 21 a

1262 2790 55 30 leo
1328 2790 137 30 lobortis
1475 2794 145 26 tempor.
1630 2792 182 28 Maecenas
1823 2790 107 30 mollis
1940 2790 95 30 ligula
2046 2794 36 26 at
2092 2799 74 21 sem

1262 2849 134 29 suscipit
1404 2847 145 30 fringilla.
1557 2849 125 29 Mauris
1690 2848 193 30 sollicitudin
1891 2848 161 30 tincidunt
2060 2848 106 30 lectus

1262 2905 33 30 id
1312 2909 145 26 tempor.
1473 2907 102 29 Etiam
1593 2909 38 26 ut
1647 2907 61 29 nisi
1724 2909 65 26 est.
1806 2907 183 28 Maecenas
2006 2905 160 30 tincidunt

1262 2963 106 30 lectus
1384 2965 33 29 in
1435 2965 90 29 enim
1542 2963 169 30 hendrerit
1727 2965 118 29 varius.
1862 2965 101 28 Fusce
1980 2968 186 26 consequat

1262 3031 103 21 quam
1374 3021 72 30 nisl,
1456 3026 38 26 ut
1504 3021 146 30 eleifend
1659 3026 54 26 est
1723 3021 146 30 placerat
1879 3021 74 30 sed.
